@book {Ahlfors,
    AUTHOR = {Ahlfors, L.},
     TITLE = {Complex Analysis},
 PUBLISHER = {McGraw-Hill},
      YEAR = {1966}
}

@book{Carleson,
  title={Complex dynamics},
  author={Carleson, Lennart and Gamelin, Theodore W},
  year={2013},
  publisher={Springer Science \& Business Media}
}

@book {Lang,
    AUTHOR = {Lang, S.},
     TITLE = {Complex Analysis},
 PUBLISHER = {Addison-Wesley},
      YEAR = {1977}
}

@book{Milnor,
  title={Dynamics in One Complex Variable.(AM-160):(AM-160)-},
  author={Milnor, John},
  volume={160},
  year={2011},
  publisher={Princeton University Press}
}

@incollection  {PoirierRoots,
    AUTHOR = {Poirier, A.},
     TITLE = {Approximating square roots},
 PUBLISHER = {ProMathematica, Vol IX Nos.11-18},
      YEAR = {1995}
}

@incollection  {Torres,
    AUTHOR = {Torres, J.},
     TITLE = {Tesis de Licenciatura(en
preparacion)},
 PUBLISHER = {Pontificia Universidad Catolica del Peru},
     YEAR = {2020}
}

@book {PoirierPolinomios,
    AUTHOR = {Poirier, A.},
     TITLE = {Iteraci\'on de polinomios y funciones racionales},
 PUBLISHER = {Pontificia Universidad Cat\'olica del Per\'u, Fondo Editorial},
      YEAR = {2016}
}
